@techreport{Gustavsson2011,
  author      = "Gustavsson, J and Cederberg, C and Sonesson, U and van Otterdijk, R and Meybeck, A",
  title       = "Food and Agriculture Organization of the United Nations",
  institution = "Global Food Losses and Food Waste.",
  year        = "2011"
}

@article{MENON2020,
title = "A systematic review on the recent advances of the energy efficiency improvements in non-conventional food drying technologies",
journal = "Trends in Food Science \& Technology",
volume = "100",
pages = "67 - 76",
year = "2020",
issn = "0924-2244",
doi = "https://doi.org/10.1016/j.tifs.2020.03.014",
url = "http://www.sciencedirect.com/science/article/pii/S0924224419304558",
author = "Abhay Menon and Valentina Stojceska and Savvas A. Tassou",
keywords = "Drying food materials, Hybrid drying systems, Heat pump assisted drying, Super-heated steam, Vacuum drying, Microwave drying, Refractance window, Ohmic heating, Electro osmosis"
}

@article{CHASIOTIS2020,
title = "Artificial neural network modelling of moisture content evolution for convective drying of cylindrical quince slices",
journal = "Computers and Electronics in Agriculture",
volume = "172",
pages = "105074",
year = "2020",
issn = "0168-1699",
doi = "https://doi.org/10.1016/j.compag.2019.105074",
url = "http://www.sciencedirect.com/science/article/pii/S0168169919310713",
author = "V.K. Chasiotis and D.A. Tzempelikos and A.E. Filios and K.P. Moustris"
}

@article{JOMLAPELATIKUL2016987,
title = "Model-based investigation of heat and mass transfer for selecting optimum intermediate moisture content in stepwise drying",
journal = "Applied Thermal Engineering",
volume = "107",
pages = "987 - 993",
year = "2016",
issn = "1359-4311",
doi = "https://doi.org/10.1016/j.applthermaleng.2016.07.064",
url = "http://www.sciencedirect.com/science/article/pii/S1359431116311954",
author = "Apaporn Jomlapelatikul and Lamul Wiset and Wasan Duangkhamchan and Nattapol Poomsa-ad"
}

@book{lusas2001snack,
  title={Snack Foods Processing},
  author={Lusas, E.W. and Rooney, L.W.},
  isbn={9781420012545},
  url={https://books.google.com.mx/books?id=W\_5wlzckPkMC},
  year={2001},
  publisher={CRC Press}
}

@article{DEMARCHI20189,
title = "Vacuum drying of rosehip leathers: Modelling of coupled moisture content and temperature curves as a function of time with simultaneous time-varying ascorbic acid retention",
journal = "Journal of Food Engineering",
volume = "233",
pages = "9 - 16",
year = "2018",
issn = "0260-8774",
doi = "https://doi.org/10.1016/j.jfoodeng.2018.03.027",
url = "http://www.sciencedirect.com/science/article/pii/S0260877418301389",
author = "Silvana M. Demarchi and R. Martín [Torrez Irigoyen] and Sergio A. Giner"
}

@article{WELSH2020,
title = "Multiscale modeling for food drying: A homogenized diffusion approach",
journal = "Journal of Food Engineering",
volume = "292",
pages = "110252",
year = "2021",
issn = "0260-8774",
doi = "https://doi.org/10.1016/j.jfoodeng.2020.110252",
url = "http://www.sciencedirect.com/science/article/pii/S0260877420303435",
author = "Zachary G. Welsh and Md Imran H. Khan and M.A. Karim",
}

@book{Mujumdar2014,
author = {Mujumdar, Arun S.},
booktitle = {Handbook of Industrial Drying, Fourth Edition},
doi = {10.1201/b17208},
isbn = {9781466596665},
title = {Handbook of industrial drying, fourth edition},
year = {2014}
}

@article{LOPEZORTIZ201883,
title = "Non-isothermal drying of garlic slices (Allium sativum, L.): Wave period and initial temperature of the heating/cooling effect",
journal = "Food and Bioproducts Processing",
volume = "111",
pages = "83 - 92",
year = "2018",
issn = "0960-3085",
doi = "https://doi.org/10.1016/j.fbp.2018.06.005",
url = "http://www.sciencedirect.com/science/article/pii/S0960308518304073",
author = "A. López-Ortiz and J. Rodríguez-Ramírez and L.L. Méndez-Lagunas and A. Martynenko and I. Pilatowsky-Figueroa"
}

@article{DIAMANTE1993271,
title = "Mathematical modelling of the thin layer solar drying of sweet potato slices",
journal = "Solar Energy",
volume = "51",
number = "4",
pages = "271 - 276",
year = "1993",
issn = "0038-092X",
doi = "https://doi.org/10.1016/0038-092X(93)90122-5",
url = "http://www.sciencedirect.com/science/article/pii/0038092X93901225",
author = "L.M. Diamante and P.A. Munro"
}

@article{GULCIMEN201677,
title = "Drying of sweet basil with solar air collectors",
journal = "Renewable Energy",
volume = "93",
pages = "77 - 86",
year = "2016",
issn = "0960-1481",
doi = "https://doi.org/10.1016/j.renene.2016.02.033",
url = "http://www.sciencedirect.com/science/article/pii/S0960148116301343",
author = "Fevzi Gulcimen and Hakan Karakaya and Aydın Durmus"
}

@article{Azaizia2017,
author = {Azaizia, Zaineb and Kooli, Sami and Elkhadraoui, Aymen and Hamdi, Ilhem and Guizani, AmenAllah},
doi = {10.1016/J.IJHYDENE.2016.11.180},
issn = {0360-3199},
journal = {International Journal of Hydrogen Energy},
number = {13},
pages = {8818-8826},
publisher = {Pergamon},
title = {Investigation of a new solar greenhouse drying system for peppers},
url = {https://www.sciencedirect.com/science/article/pii/S0360319916316895},
volume = {42},
year = {2017}
}

@article{Sonmete2017,
author = {Sonmete, Mehmet Hakan and Mengeş, Hakan Okyay and Ertekin, Can and Ozcan, Mehmet Musa},
doi = {10.1007/s11694-016-9432-y},
issn = {21934134},
journal = {Journal of Food Measurement and Characterization},
title = {Mathematical modeling of thin layer drying of carrot slices by forced convection},
year = {2017}
}

@article{Zhu2020,
author = {Zhu, Aishi and Zhao, Junzi and Wu, Yuanfeng},
title = {Modeling and mass transfer performance of Dioscorea alata L. slices drying in convection air dryer},
journal = {Journal of Food Process Engineering},
volume = {43},
number = {7},
pages = {e13427},
doi = {https://doi.org/10.1111/jfpe.13427},
url = {https://onlinelibrary.wiley.com/doi/abs/10.1111/jfpe.13427},
eprint = {https://onlinelibrary.wiley.com/doi/pdf/10.1111/jfpe.13427},
year = {2020}
}

@book{Mujumdar2000,
author = {Mujumdar, Arun S},
booktitle = {Mujumdar's Practical Guide to Industrial Drying},
isbn = {9748591395},
issn = {0022-0841},
title = {Fundamental principles of drying},
year = {2000}
}

@ARTICLE{Ertekin2017,
  author  = {Ertekin, C and Firat, M.Z.},
  title   = {A comprehensive review of thin-layer drying models used in agricultural products, Critical Reviews in Food Science and Nutrition},
  journal = {Critical Reviews in Food Science and Nutrition}, 
  volume  = {57},
  year    = {2017},
  pages   = {701-717},
  doi  = {https://doi.org/10.1080/10408398.2014.910493},
  url     = {https://www.tandfonline.com/doi/full/10.1080/10408398.2014.910493} 
}

@ARTICLE{Panchariya2002,
  author  = {Panchariya, P.C. and Popovic, D. and Sharma, A.L.},
  title   = {Thin-layer modelling of black tea drying process},
  journal = {Journal of Food Engineering}, 
  volume  = {52},
  year    = {2002},
  pages   = {349-357},
  doi     = {https://doi.org/10.1016/S0260-8774(01)00126-1},
  url     = {https://www.sciencedirect.com/science/article/abs/pii/S0260877401001261}
}

@ARTICLE{Dissa2008,
  author  = {Dissa, A. O. and Desmorieux, H. and Bathiebo, J.},
  title   = {Convective drying characteristics of Amelie mango (Mangifera Indica L. cv. ‘Amelie’) with correction for shrinkage.},
  journal = {Journal of Food Engineering}, 
  volume  = {88},
  year    = {2008},
  pages   = {429-437},
  doi     = {https://doi.org/10.1016/j.jfoodeng.2008.03.008},
  url     = {https://www.sciencedirect.com/science/article/abs/pii/S0260877408001362}
}

@ARTICLE{Midilli2002,
  author  = {Midilli, A. and Kucuk, H. and Yapar, Z.},
  title   = {A new model for single-layer
drying.},
  journal = {Drying Technology}, 
  volume  = {20},
  year    = {2002},
  pages   = {1503-1513},
  doi     = {https://doi.org/10.1081/DRT-120005864}
}

@CONFERENCE{Wuytack1979,
  author  = {Wuytack, L.},
  title   = {Pade Approximation and its Applications},
  booktitle = {Proceedings of a Conference held in Antwerp, Belgium}, 
  year    = {1979},
  pages   = {396}
}

@ARTICLE{DelRio1998,
  author  = {Del Río, J. A. and Zimmerman, R. W. and Dawe, R. A.},
  title   = { Formula for the conductivity of a two-component material based on the reciprocity theorem},
  journal = {Solid State Communications}, 
  volume  = {106},
  year    = {1998},
  pages   = {183-186},
  doi = {https://doi.org/10.1016/S0038-1098(98)00051-9},
  url = {https://www.sciencedirect.com/science/article/abs/pii/S0038109898000519}
}

@ARTICLE{Kummar2000,
  author  = {Kumar, A. and Saboo, S. and Shet, S. and Pilehavari, A. and Serth, R.},
  title   = {Correlation of rheometric data and hydraulic calculations using rational polynomials},
  journal = {Chemical Engineering Communications}, 
  volume  = {183},
  year    = {2000},
  pages   = {99-117},
  doi = {https://doi.org/10.1080/00986440008960504},
  url = {https://www.tandfonline.com/doi/abs/10.1080/00986440008960504}
}

@ARTICLE{Nunez2003,
  author  = {Nunez-Santiago, M. C. and Santoyo, E. and Bello-Perez, L. A. and Santoyo-Gutierrez, S.},
  title   = { Rheological evaluation of non-Newtonian Mexican nixtamalised maize and dry processed masa flours J.},
  journal = {Journal of Food Engineering}, 
  volume  = {60},
  year    = {2003},
  pages   = {55-66},
  doi = {https://doi.org/10.1016/S0260-8774(03)00018-9},
  url = {https://www.sciencedirect.com/science/article/abs/pii/S0260877403000189?via\%3Dihub}
}

@ARTICLE{Wong2012,
  author  = {Wong-Loya, J. A. and Andaverde, J. and  Santoyo, E.},
  title   = { A new practical method for the determination of static formation temperatures in geothermal and petroleum wells using a numerical method based on rational polynomial functions.},
  journal = {Journal of Geophysics and Engineering}, 
  volume  = {9},
  year    = {2012},
  pages   = {711-728},
  doi     = {https://doi.org/10.1088/1742-2132/9/6/711},
  url     = {https://academic.oup.com/jge/article/9/6/711/5127427}
}

@ARTICLE{Wong2015,
  author  = {Wong-Loya, J. A. and Santoyo, E. and Andaverde, J. A. and  Quiroz-Ruiz, A. },
  title   = { RPM-WEBBSYS: A web-based computer system to apply the rational polynomial method for estimating static formation temperatures of petroleum and geothermal wells. },
  journal = {Computers and Geosciences}, 
  volume  = {85},
  year    = {2015},
  pages   = {45-59},
  doi     = {https://doi.org/10.1016/j.cageo.2015.09.001},
  url     = {https://www.sciencedirect.com/science/article/pii/S009830041530042X?via\%3Dihub}
}

@misc{Wong2018, 
title={Sistema y método de obtención de parámetros termodinámicos en situaciones transistorias que tienden a valores de saturación.}, 
author={Del Río-Portilla, J.A and  Andaverde-Arredondo, J.A and  Wong-Loya, J.A}, 
year={2018, Número de Patente: MX 359968 B}, 
month={Oct}
}

@ARTICLE{Andaverde2019,
  author  = {Andaverde, J. and Wong-Loya, J.A. and Vargas-Tabares, Y. and Robles-Perez, M.},
  title   = { A practical method for determining the rheology of drilling fluid.},
  journal = {Journal of Petroleum Science and Engineering}, 
  volume  = {180},
  year    = {2019},
  pages   = {150-158},
  doi = {https://doi.org/10.1016/j.petrol.2019.05.039},
  url = {https://www.sciencedirect.com/science/article/abs/pii/S0920410519304930}
}

@book{Owen1995,
author = {Owen, T. H. and Orville, C.S. },
booktitle = {Computational Methods in Chemical Engineering, first edition},
title = {{Computational Methods in Chemical Engineering, first edition}},
year = {1995},
publisher = {Englewood Cliffs}
}

@article{Seyed2017,
author = {Seyed-Hassan, M. and Alireza, S. and Mahmood Reza, G.},
title = {Analyzing drying characteristics and modeling of thin layers of peppermint leaves under hot-air and infrared treatments},
journal = {Information Processing in Agriculture},
volume = {4},
number = {2},
pages = {128-139},
year = {2017},
doi = {https://doi.org/10.1016/j.inpa.2017.03.001},
url = {https://www.sciencedirect.com/science/article/pii/S2214317317300100?via\%3Dihub}
}

@article{Lopez-ortiz2013,
author = {López-Ortiz, A.  and Rodríguez-Ramírez, J.  and Méndez-Lagunas, L. },
title = {Effects of Drying Air Temperature on the Structural Properties of Garlic Evaluated During Drying},
journal = {International Journal of Food Properties},
volume = {16},
number = {7},
pages = {1516-1529},
year  = {2013},
publisher = {Taylor & Francis},
doi = {10.1080/10942912.2011.599090},
URL = {https://doi.org/10.1080/10942912.2011.599090}
}

@article{roman2019,
author = {Román-Roldán, Nicolás-Iván and López-Ortiz, Anabel and Ituna-Yudonago, Jean-Fulbert and García-Valladares, Octavio and Pilatowsky-Figueroa, Isaac},
title = {Computational fluid dynamics analysis of heat transfer in a greenhouse solar dryer “chapel-type” coupled to an air solar heating system},
journal = {Energy Science \& Engineering},
volume = {7},
number = {4},
pages = {1123-1139},
doi = {10.1002/ese3.333},
url = {https://onlinelibrary.wiley.com/doi/abs/10.1002/ese3.333},
year = {2019}
}

@article{CASTILLOTELLEZ2018898,
title = "Solar drying of Stevia (Rebaudiana Bertoni) leaves using direct and indirect technologies",
journal = "Solar Energy",
volume = "159",
pages = "898 - 907",
year = "2018",
issn = "0038-092X",
doi = "https://doi.org/10.1016/j.solener.2017.11.031",
url = "http://www.sciencedirect.com/science/article/pii/S0038092X17310149",
author = "Castillo-Tellez, M. and Pilatowsky-Figueroa, I.  and Castillo-Téllez, B. and López-Vidaña, E. C. and López-Ortiz, A."
}

@article{NAIR2020,
title = "Prospects toward UV-blue filtered solar drying of agricultural farm produce using chemically deposited copper chalcogenide thin films on cellular polycarbonate",
journal = "Solar Energy",
volume = "203",
pages = "123 - 135",
year = "2020",
issn = "0038-092X",
doi = "https://doi.org/10.1016/j.solener.2020.04.012",
url = "http://www.sciencedirect.com/science/article/pii/S0038092X2030387X",
author = "P.K. Nair and Angélica Lizbeth Espinosa-Santana and Laura Guerrero-Martínez and Anabel López-Ortiz and M.T.S. Nair",
keywords = "Solar drying, Copper chalcogenides, Copper sulfide, Copper selenide, Chemical deposition"
}

@techreport{Estrada2010,
  author      = {Estrada-Wiese, D. and Del Río-Chanona, E.A. and Del Rio, J.A.},
  title       = {Stochastic optimization of broadband reflecting photonic structures.},
  institution = {Sci. Rep. 8.},
  year        = {2010}
}

@article{Estrada2018,
  author  = {Estrada-Wiese, D. and Del Río-Chanona, E.A. and Del Rio, J.A.},
  title   = { Stochastic optimization of broadband reflecting photonic structures.},
  journal = {Rev. Mex. Fisica}, 
  volume  = {64},
  year    = {2018},
  pages   = {72-81},
  doi     = {10.1038/s41598-018-19613-6}
}

@misc{fao2019, 
title={Oficina Regional de la FAO para América Latina y el Caribe}, 
author={Benítez, R.},
year={2019},
url={http://www.fao.org/americas/noticias/ver/es/c/239393/}
}

@incollection{JAYAS2016,
title = "Food Dehydration",
booktitle = "Reference Module in Food Science",
publisher = "Elsevier",
year = "2016",
isbn = "978-0-08-100596-5",
doi = "https://doi.org/10.1016/B978-0-08-100596-5.02913-9",
url = "http://www.sciencedirect.com/science/article/pii/B9780081005965029139",
author = "Digvir S. Jayas",
}

@article{DaSilva2017,
  author  = {Da Silva, F. and Siqueira, V. and Quinzani, G. and Martins, E. and Goneli, A.},
  title   = {Drying kinetics of niger seeds},
  journal = {POST-HARVEST SCIENCE AND TECHNOLOGY}, 
  volume  = {37},
  year    = {2017},
  doi     = {https://doi.org/10.1590/1809-4430-eng.agric.v37n4p727-738/2017 },
  url     = {http://www.scielo.br/scielo.php?script=sci_arttext&pid=S0100-69162017000400727}
}

@article{Ikrang2014,
  author  = {Ikrang, E. and Okoko, J. and Obot, M. and Akubuo, C.},
  title   = {Modeling of Thin Layer Drying Kinetics of Salted Fish Fillets (Tilapia Zilli) in a Direct Passive Solar Dryer.},
  journal = {Journal Of Environmental Science, Toxicology And Food Technology}, 
  volume  = {8},
  year    = {2014},
  doi     = {10.9790/2402-08141624}
}


@misc{Wolfram, 
title={Merit Function.}, 
author={Weisstein, Eric W.},
url={https://mathworld.wolfram.com/MeritFunction.html},
institution = {From MathWorld--A Wolfram Web Resource},
year={2021}
}

@book{Fito2001,
author = {Fito, P. and Andrés, A. and Barat, J. and Albors, A.},
booktitle = {Introducción al secado de alimentos por aire caliente},
isbn = {978-84-9705-025-8},
title = {Tipos de secadores directos o por convección},
year = {2016}
}

@article{Garduno2020,
  author  = {Garduño, A. and Lopez, I. and Ruiz, A.},
  title   = {Modelación matemática de secadores solares tipo invernadero con convección natural y forzada para productos agrícolas: estado del arte},
  journal = {Ingeniería agricola y biosistemas}, 
  volume  = {9},
  year    = {2020},
  doi     = {https://doi.org/10.5154/r.inagbi.2017.02.004}
}

@article{AKTAS2016,
title = {Development of heat pump and infrared-convective dryer and performance analysis for stale bread drying},
journal = {Energy Conversion and Management},
volume = {113},
pages = {82-94},
year = {2016},
issn = {0196-8904},
doi = {https://doi.org/10.1016/j.enconman.2016.01.028},
url = {https://www.sciencedirect.com/science/article/pii/S0196890416000455},
author = {Mustafa, A. and Seyfi, S. and Burak, A.}
}

@article{Janjai2012,
author = {Janjai, S.},
year = {2012},
title = {A greenhouse type solar dryer for small-scale dried food industries: Development and dissemination},
volume = {3},
journal = {International Journal Energy Environment}
}

@article{Ndukwu2018,
author = {Ndukwu, M.C. and Bennamoun, L. and Abam, F.I.},
year = {2018},
title = {Experience of Solar Drying in Africa: Presentation of Designs, Operations, and Models},
volume = {10},
journal = {Food Engineering },
doi ={https://doi.org/10.1007/s12393-018-9181-2}
}

@article{madamba2003,
author = {Madamba, P. S},
title = {Thin Layer Drying Models for Osmotically Pre-dried Young Coconut},
journal = {Drying Technology},
volume = {21},
number = {9},
pages = {1759-1780},
year  = {2003},
publisher = {Taylor & Francis},
doi = {10.1081/DRT-120025507}
}

@misc{MIT2009, 
title={Systems Biology}, 
author={Oudenaarden, A.},
url={http://web.mit.edu/biophysics/sbio/PDFs/L15_notes.pdf},
institution = {MIT},
year={2009}
}

@article{MOLINARODEA2020,
title = {A new simulator to determine thermal disturbance and recovery processes during wellbore drilling: Experimental validation with a scaled-down wellbore prototype},
journal = {Computers \& Geosciences},
volume = {135},
year = {2020},
issn = {0098-3004},
doi = {https://doi.org/10.1016/j.cageo.2019.104359},
url = {https://www.sciencedirect.com/science/article/pii/S0098300419304807},
author = {R. Molina-Rodea and J.A. Wong-Loya and P.J. Valades-Pelayo},
}

@misc{RAE, 
title={Diccionario de la lengua española}, 
author={REAL ACADEMIA ESPAÑOLA},
url={https://dle.rae.es},
institution = {RAE},
year={2020}
}

@article{Erbay2010,
author = {Erbay, Z. and Icier, F.},
year = {2010},
pages = {441-64},
title = {A Review of Thin Layer Drying of Foods: Theory, Modeling, and Experimental Results},
volume = {50},
journal = {Critical reviews in food science and nutrition},
doi = {10.1080/10408390802437063}
}


@article{Akpinar2006,
author = {Akpinar, E.K. and Bicer, Y. and Cetinkaya, F.},
year = {2006},
pages = {308-315},
title = {Modelling of thin layer
drying of parsley leaves in a convective dryer and under open sun.},
volume = {75},
journal = {Journal of
Food Engineering.},
doi = {https://doi.org/10.1016/j.jfoodeng.2005.04.018}
}

@article{WONGLOYA201573,
title = {Improved method for estimating static formation temperatures in geothermal and petroleum wells},
journal = {Geothermics},
volume = {57},
pages = {73-83},
year = {2015},
issn = {0375-6505},
doi = {https://doi.org/10.1016/j.geothermics.2015.06.002},
url = {https://www.sciencedirect.com/science/article/pii/S0375650515000681},
author = {J.A. Wong-Loya and J.A. Andaverde and J.A. {del Rio}}
}

@article{WANG2004,
author = { Dai-Chyi   Wang  and  Din-Sue   Fon  and  Wei   Fang  and  Shahab   Sokhansanj },
title = {Development of a Visual Method to Test the Range of Applicability of Thin Layer Drying Equations Using MATLAB Tools},
journal = {Drying Technology},
volume = {22},
number = {8},
pages = {1921-1948},
year  = {2004},
publisher = {Taylor & Francis},
doi = {10.1081/DRT-200032878},
URL = { https://doi.org/10.1081/DRT-200032878}
}


@book{SANCHEZ2007,
title = {Nueva Flora de Murcia},
author= {Pedro Sanchez Gómez and Juan Guerra Montes},
publisher = {DM},
year = {2007},
ISBN = {84-8425-289-2}
}
